@BOOK{jain_91,
 title = {The Art of Computer Systems Performance Analysis: Techniques for
    Experimental Design, Measurement, Simulation, and Modeling},
 publisher = {John Wiley \& Sons},
 year = {1991},
 author = {R. K. Jain}
}

@article{brogaardh2007present
,	title	= {Present and future robot control developmentâ€”An industrial perspective}
,	author	= {Brogaardh, Torgny}
,	journal	= {Annual Reviews in Control}
,	volume	= {31}
,	number	= {1}
,	pages	= {69--79}
,	year	= {2007}
,	publisher	= {Elsevier}
}

@PHDTHESIS{COST_1963,
  author =       {N. C. A. Costa},
  title =        "Inconsistent Formal Systems \emph{(in Portuguese)}",
  school =       {Federal University of Parana},
  year =         {1963},
  address =      "Curitiba, Brazil",
  note =         {Edited by Editora UFPR, Curitiba, 1993},
}

@incollection{branchandcut,
  year  = {2001},
  publisher = {Springer Berlin Heidelberg},
  pages = {157--222},
  author = {Matthias Elf and Carsten Gutwenger and Michael J\"{u}nger and Giovanni Rinaldi},
  title = {Branch-and-Cut Algorithms for Combinatorial Optimization and Their Implementation in {ABACUS}},
  booktitle = {Lecture Notes in Computer Science}
}

@misc{cplex,
    howpublished = {\\url{http://www.ibm.com/analytics/cplex-optimizer}},
    title = {{IBM ILOG CPLEX Optimizer}},
    author = {IBM CPLEX},
    year = {2010}
}

@inproceedings{revenuemax,
  title={Approximating revenue-maximizing combinatorial auctions},
  author={Likhodedov, Anton and Sandholm, Tuomas and others},
  booktitle={AAAI},
  volume={5},
  pages={267--274},
  year={2005}
}

@INCOLLECTION{auctiontheory,
title = {Survey of Auction Theory, from Auctions: Theory and Practice},
author = {Klemperer, Paul},
year = {2004},
booktitle = {Auctions: Theory and Practice},
publisher = {Princeton University Press},
}

@article{combinatorial_auctions,
author = {de Vries, Sven and Vohra, Rakesh},
year = {2003},
month = {08},
pages = {284-309},
title = {Combinatorial Auctions: A Survey},
volume = {15},
journal = {INFORMS Journal on Computing}
}

@ARTICLE{d2d, 
author={A. {Asadi} and Q. {Wang} and V. {Mancuso}}, 
journal={IEEE Communications Surveys Tutorials}, 
title={A Survey on Device-to-Device Communication in Cellular Networks}, 
year={2014}, 
volume={16}, 
number={4}, 
pages={1801-1819}}

@article{5g,
author = {Andrews, Jeffrey and Buzzi, Stefano and Choi, Wan and Hanly, Stephen and Lozano, Angel and Soong, Anthony and Zhang, Jianzhong},
year = {2014},
month = {05},
pages = {},
title = {What will 5G be?},
volume = {32},
journal = {Selected Areas in Communications, IEEE Journal on}
}

@ARTICLE{qos, 
author={D. {Chalmers} and M. {Sloman}}, 
journal={IEEE Communications Surveys}, 
title={A survey of quality of service in mobile computing environments}, 
year={1999}, 
volume={2}, 
number={2}, 
pages={2-10}}

@article{CHARILAS20103421,
title = "A survey on game theory applications in wireless networks",
journal = "Computer Networks",
volume = "54",
number = "18",
pages = "3421 - 3430",
year = "2010",
author = "Dimitris E. Charilas and Athanasios D. Panagopoulos",
}

@inproceedings{roughgarden2008,
  title={An algorithmic game theory primer},
  author={Roughgarden, Tim},
  booktitle={Proceedings of the 5th IFIP International Conference on Theoretical Computer Science (TCS). An invited survey},
  year={2008}
}

@book{schouery2015,
  title={T{\'o}picos da teoria dos jogos em computa{\c{c}}{\~a}o},
  author={R.C.S. Schouery and O. Lee and F. K. Miyazawa and E. C. Xavier},
  series={Publica{\c{c}}{\~o}es matem{\'a}ticas},
  year={2015},
  publisher={IMPA}
}

@inproceedings{Gonen:2000,
 author = {Gonen, Rica and Lehmann, Daniel},
 title = {Optimal Solutions for Multi-unit Combinatorial Auctions: Branch and Bound Heuristics},
 booktitle = {2nd ACM Conference on Electronic Commerce},
 year = {2000}
} 

@article{d-kp,
author = {Puchinger, Jakob and Raidl, G\"unther R. and Pferschy, Ulrich},
title = {The Multidimensional Knapsack Problem: Structure and Algorithms},
journal = {INFORMS Journal of Computing},
volume = {22},
number = {2},
pages = {250-265},
year = {2010}
}

@article{GEANT_2016, 
author={Steve Uhlig and Bruno Quoitin and Jean Lepropre and  Simon Balon}, 
journal={ACM SIGCOMM Computer Communication Review}, 
title={Providing Public Intradomain Traffic Matrices to the Research Community},
year={2016}, 
volume={36}, 
number={1}, 
pages={83-86}
}

@ARTICLE{Boccardi2014, 
author={F. Boccardi and R. W. Heath and A. Lozano and T. L. Marzetta and P. Popovski}, 
journal={IEEE Communications Magazine}, 
title={Five Disruptive Technology Directions for 5G}, 
year={2014}, 
volume={52}, 
number={2}, 
pages={74-80}
}

@ARTICLE{nfv1, 
author={R. Mijumbi and J. Serrat and J. Gorricho and N. Bouten and F. De Turck and R. Boutaba}, 
journal={IEEE Communications Surveys Tutorials}, 
title={Network Function Virtualization: State-of-the-Art and Research Challenges}, 
year={2016}, 
volume={18}, 
number={1}, 
pages={236-262}
}

@ARTICLE{nfv2, 
author={B. Han and V. Gopalakrishnan and L. Ji and S. Lee}, 
journal={IEEE Communications Magazine}, 
title={Network Function Virtualization: Challenges and Opportunities for Innovations}, 
year={2015}, 
volume={53}, 
number={2}, 
pages={90-97}
}

@ARTICLE{vnf, 
author={J. Gil Herrera and J. F. Botero}, 
journal={IEEE Transactions on Network and Service Management}, 
title={Resource Allocation in NFV: A Comprehensive Survey}, 
year={2016}, 
volume={13}, 
number={3}, 
pages={518-532}
}

@ARTICLE{sdn, 
author={D. Kreutz and F. M. V. Ramos and P. E. Ver\'issimo and C. E. Rothenberg and S. Azodolmolky and S. Uhlig}, 
journal={Proceedings of the IEEE}, 
title={Software-Defined Networking: A Comprehensive Survey}, 
year={2015}, 
volume={103}, 
number={1}, 
pages={14-76}, 
}

@article{auctions,
 author = {Parsons, Simon and Rodriguez-Aguilar, Juan A. and Klein, Mark},
 title = {Auctions and Bidding: A Guide for Computer Scientists},
 journal = {ACM Computer Surveys},
 issue_date = {2011},
 volume = {43},
 number = {2},
 year = {2011},
 pages = {10:1--10:59}
} 

@ARTICLE{Zhang2017, 
author={X. Zhang and Z. Huang and C. Wu and Z. Li and F. C. M. Lau}, 
journal={IEEE Journal on Selected Areas in Communications}, 
title={Online Stochastic Buy-Sell Mechanism for VNF Chains in the NFV Market}, 
year={2017}, 
volume={35}, 
number={2}, 
pages={392-406}
}

@ARTICLE{Doro2017, 
author={S. D'Oro and L. Galluccio and S. Palazzo and G. Schembra}, 
journal={IEEE Journal on Selected Areas in Communications}, 
title={A Game Theoretic Approach for Distributed Resource Allocation and Orchestration of Softwarized Networks}, 
year={2017}, 
volume={35}, 
number={3}, 
pages={721-735}
}

@Manual{R2018,
  Title                    = {The R Project for Statistical Computing},
  Address                  = {Vienna, Austria},
  Author                   = {{R Development Core Team}},
  Organization             = {R Foundation for Statistical Computing},
  Year                     = {2018}
}

@inproceedings{Obadia2016,
    author = {Mathis Obadia and Mathieu Bouet and Vania Conan and Luigi Iannone and Jean-Louis Rougier}, 
    title = {Elastic Network Service Provisioning with VNF Auctioning}, 
    booktitle = {28th International Teletraffic Congress}, 
    year = {2016}
}

@article{6824752, 
author={J. G. Andrews and S. Buzzi and W. Choi and S. V. Hanly and A. Lozano and A. C. K. Soong and J. C. Zhang}, 
journal={IEEE Journal on Selected Areas in Communications}, 
title={What Will 5G Be?}, 
year={2014}, 
volume={32}, 
number={6}, 
pages={1065-1082}
}

@article{nfvin5g,
author = {Abdelwahab, Sherif and Hamdaoui, Bechir and Guizani, Mohsen and Znati, Taieb},
title = {Network Function Virtualization in 5G},
journal = {IEEE Communications Magazine},
year = {2016},
pages = {84-91},
volume = {54}
}

@techreport{etsiGS2013,
  author = {{ETSI GS}},
  institution = {ETSI},
  title = {Network Functions Virtualization Use Cases},
  url = {https://www.etsi.org/deliver/etsi_gs/nfv/001_099/001/01.01.01_60/gs_nfv001v010101p.pdf},
  year = 2013
}

@article{DBLP:journals/jnsm/UmraoRSSJ18,
  author    = {Sachin Umrao and
               Abhishek Roy and
               Navrati Saxena and
               Sukhdeep Singh and
               Jae{-}il Jung},
  title     = {Mobile Network Operator and Mobile User Cooperation for Customized
               {D2D} Data Services},
  journal   = {Journal of Network System Management},
  volume    = {26},
  number    = {4},
  pages     = {878--903},
  year      = {2018}
}

@article{BUKHARI2018131,
title = "Providing Multicast Services Over SDN-evolved LTE Network: Architecture, Procedures and Performance Analysis",
author = "JanFizza Bukhari and Jun-Hyuk Park and Wonyong Yoon",
journal = "Computer Communications",
volume = "127",
pages = "131 - 145",
year = "2018"
}

@INPROCEEDINGS{7041056, 
author={R. Guerzoni and R. Trivisonno and D. Soldani}, 
booktitle={1st International Conference on 5G for Ubiquitous Connectivity}, 
title={SDN-based Architecture and Procedures for 5G Networks}, 
year={2014}
}

@ARTICLE{7348713, 
author={K. Zhu and E. Hossain}, 
journal={IEEE Transactions on Mobile Computing}, 
title={Virtualization of 5G Cellular Networks as a Hierarchical Combinatorial Auction}, 
year={2016}, 
volume={15}, 
number={10}, 
pages={2640-2654}
}

@ARTICLE{8306104, 
author={U. Habiba and E. Hossain}, 
journal={IEEE Communications Surveys Tutorials}, 
title={Auction Mechanisms for Virtualization in 5G Cellular Networks: Basics, Trends, and Open Challenges}, 
year={2018}, 
volume={20}, 
number={3}, 
pages={2264-2293}
}

@book{Cramton:2006:CA:1076465,
 author = {Cramton, Peter and Shoham, Yoav and Steinberg, Richard},
 title = {Combinatorial Auctions},
 year = {2006},
 publisher = {The MIT Press},
} 

@book{Nisan:2007:AGT:1296179,
 author = {Nisan, Noam and Roughgarden, Tim and Tardos, Eva and Vazirani, Vijay V.},
 title = {Algorithmic Game Theory},
 year = {2007},
 publisher = {Cambridge University Press}
} 

@article{BHAMARE2016138,
title = "A survey on service function chaining",
author = "Deval Bhamare and Raj Jain and Mohammed Samaka and Aiman Erbad",
journal = "Journal of Network and Computer Applications",
volume = "75",
pages = "138 - 155",
year = "2016"
}

@book{Garey:1979:CIG:578533,
 author = {Garey, Michael R. and Johnson, David S.},
 title = {Computers and Intractability: A Guide to the Theory of NP-Completeness},
 year = {1979},
 isbn = {0716710447},
 publisher = {W. H. Freeman \& Co.},
 address = {New York, NY, USA},
}

@article{doi:10.1287/mnsc.44.8.1131,
author = {Rothkopf, Michael H. and Peke\v{c}, Aleksandar and Harstad, Ronald M.},
title = {Computationally Manageable Combinational Auctions},
journal = {Management Science},
volume = {44},
number = {8},
pages = {1131-1147},
year = {1998}
}

@article{EWD:NumerMath59,
   author = "Edsger. W. Dijkstra",
   title = "A note on two problems in connexion with graphs",
   year = "1959",
   journal = "Numerische Mathematik",
   volume = 1,
   pages = {269--271}
}